=LDR  01022cja a22003254i 4500
=001  006958992
=005  20150328043707.0
=007  su|||||||r||||
=008  020613s1991\\\\xxk|||||||||||||||||\\\||
=035  \\$a0014-59760$9PproKSK_7287_3
=035  \\$aPproKSK_7287_3
=035  \\$a(FI-MELINDA)006958992
=045  \\$bd1910
=084  \\$a78.5131$2ykl
=100  1\$aBridge, Frank,$cfikt.,$dk. 1999,$esäveltäjä.
=240  10$aKvintetot,$mpiano, jouset$tKvintetot
=245  10$aPhantasie Quartet.
=300  10$a300 s.
=260  10$aHuuhaa,$cC 2011
=336  \\$aMusiikki (esitetty ; notatoitu)
=337  \\$aaudio
=516  \\$aVerkkoaineisto
=530  \\$aVerkkojulkaisu
=650  \7$akvartetot$xpiano$xjousisoittimet$zEnglanti$zIso-Britannia$y1910-luku$2musa
=600  1\$aBrainin, Norbert,$cfiktiivinen henkilö
=630  1\$tTriot
=700  1\$aBrainin, Norbert,$eviulu.
=700  1\$aSchidlof, Peter,$ealttoviulu.
=700  1\$aLovett, Martin,$d21. vs,$eselo.
=700  1\$aBritten, Benjamin,$dk. n. 1990,$epiano.
=700  1\$aMozart, Wolfgang Amadeus,$esäveltäjä.$tlodi dodi, ja ork.,$msopraanolaulaja, triangeliensemble, ork.
=740  0\$aPhantasie Piano Quartet.
=800  0\$aMäkelän Aikku,$d16. vs.

