=LDR  00822ccm a22002294i 4500
=001  003009306
=005  20150312033415.0
=007  qu
=008  930101q19001990gw\||b|||||||||||||||||||
=028  00$bEulenburg$a114
=028  20$bEulenburg$aEE1214
=035  \\$a(FI-MELINDA)003009306
=084  \\$a78.513$2ykl
=100  1\$aBeethoven, Ludwig van,$esäveltäjä
=130  1\$aKvintetot,$mpuhaltimet.
=240  10$tKvartetot$mppiano, jouset,$nop16,$rEs-duuri;$osov., pianokvartetti
=245  10$aQuartett :$bEb major for Pianoforte, Violine, Viola und Violoncell /$cvon Ludwig van Beethoven.
=260  10$aHuuhaa,$cc2010
=300  \\$a1 vol.
=336  \\$aMusiikki (notatoitu)
=337  \\$aei välittävää laitetta
=650  \7$akvartetot$xpiano$xjousisoittimet$zSaksa$y1790-luku$2musa
=650  \7$akvartetot$xpiano$xpuhallinsoittimet$zSaksa$y1790-luku$2musa

