=LDR  00922cja a22002174i 4500
=001  006961663
=005  20150328050219.0
=007  sd||||||||m||d
=008  070627suuuu\\\\fi\|||||||||||||||||zxx||
=035  \\$a(FI-MELINDA)006961663
=084  \\$a78.5131$2ykl
=100  1\$aDvorák, Antonín,$esäveltäjä.
=240  10$aKvartetot,$mpiano, jouset,$nop87,$rEs-duuri,$osov.
=245  10$aPiano quartet in E flat, op. 87 /$cAntonín Dvorák.
=336  \\$aMusiikki (esitetty)
=337  \\$aaudio
=500  \\$aSoitinnus: Pianokvartetti.
=511  0\$aJorja Fleezanis (viulu), Geraldine Walther (alttoviulu), Colin Carr (sello), Gilbert Kalish (piano).
=650  \7$akvartetot$xpiano$xjouset$zTsekki$y1880-luku$2musa
=650  \7$akamarimusiikki$zTsekki$y1880-luku$2musa
=773  0\$7nnjm$w(FIN01)006961662$s[Kvintetot piano, jouset op34 f-molli]$tPiano quintet in f minor, op. 34. -$dLondon : BBC , p2007. -1 CD-äänilevy. -$rBBC Music BBCMM281

