=LDR  01137ccm a22003014i 4500
=001  006972600
=005  20150328061653.0
=007  qu
=008  991214s19\?\\\\xx\||||||||||||||||||||||
=084  \\$a78.5131$2ykl
=100  1\$aTestitietuehan tämä
=130  1\$aKvintetot,$mjouset
=240  10$aJoo,$osovitettu, jousikvartetti
=245  10$aQuartett :$bKlavier, Violine, Viola und Violoncello : Opus 16 /$cLudwig van Beethoven ; revidiert von F. A. Roitzsch.
=260  \\$aLeipzig :$bPeters,$c[19-?]
=300  \\$a80 vol.$e3 ääntä (8, 8, 8 s.)
=336  \\$aMusiikki (notatoitu)
=337  \\$aei välittävää laitetta
=500  \\$aHn 5342 sellostemma kadonnut, tilalla valokopio.
=500  \\$aSoitinnus: Piano, viulu, alttoviulu, sello.
=650  \7$akamarimusiikki - kvartetot$2musa
=650  \7$akvartetot - sovitukset - Saksa - 1790-luku$2musa
=650  \7$akvartetot - sovitukset - piano - jousisoittimet$2musa
=700  1\$aRoitzsch, F. A.,$etoimittaja.


